@article{Nossek,
	author={Ivrlac, M.T. and Nossek, J.A.}, 
	journal={Circuits and Systems I: Regular Papers, IEEE Transactions on}, 
	title={Toward a Circuit Theory of Communication}, 
	year={2010}, 
	month={July}, 
	volume={57}, 
	number={7}, 
	pages={1663-1683}, 
	keywords={antennas;electromagnetic fields;information theory;radiocommunication;antenna mutual coupling;array gain;channel capacity;circuit theoretic multiport concept;circuit theoretic multiport model;circuit theory;electromagnetic field theory;electromagnetic fields;impedance matching;in-depth analysis;information theory;isotropic background noise;lossless antenna array;multistreaming;radio communication system;receive amplifiers;Antenna losses;channel capacity;circuit theory of communications;impedance matching;multi-input–multi-output (MIMO) systems;physical channel models;receive array gain;transmit array gain}, 
	doi={10.1109/TCSI.2010.2043994}, 
	ISSN={1549-8328},
} 
@conference{Yahia2013,
    author={Hassan, Y. and Wittneben, A.}, 
booktitle={Wireless Communications and Networking Conference (WCNC), 2014 IEEE}, 
title={Rate maximization in coupled MIMO systems: A generic algorithm for designing single-port matching networks}, 
year={2014}, 
month={April}, 
pages={1287-1292}, 
keywords={MIMO communication;antenna arrays;gradient methods;MIMO systems;antenna coupling;coupled receiver antenna;eigenvalues distribution simulations;generic algorithm;gradient search algorithm;massive MIMO array;matching network design;multiuser MIMO system;noise correlation;noise sources;optimal multiport matching network;single port matching networks;Antenna arrays;MIMO;Noise;Receiving antennas;Symmetric matrices}, 
doi={10.1109/WCNC.2014.6952355},} 
@article{Twiss1955,
    author = {R. Q. Twiss},
    title = {{Nyquist's and Thevenin's Theorems Generalized for Nonreciprocal Linear Networks}},
    journal = {{Journal of Applied Physics}},
    month = may,
    pages = {599-602},
    year = 1955,
    volume = 26,
}
@article{Hughes2012,
    author={Domizioli, C.P. and Hughes, B.L.}, 
journal={Communications, IEEE Transactions on}, 
title={Front-End Design for Compact MIMO Receivers: A Communication Theory Perspective}, 
year={2012}, 
month={October}, 
volume={60}, 
number={10}, 
pages={2938-2949}, 
keywords={MIMO communication;antenna arrays;channel capacity;correlation methods;radio receivers;MIMO communication scheme;MIMO low-noise design principle;SISO system;SNR;antenna array;antenna mutual coupling;channel capacity;communication theory;compact MIMO receiver;front-end design;front-end noise factor;modern wireless communication system;optimal design procedure;optimal matching network;spatially correlated noise;uncoupled amplifier;Antenna arrays;Correlation;Fading;MIMO;Receivers;Signal to noise ratio;MIMO;antenna arrays;channel capacity;noise figure;receivers}, 
doi={10.1109/TCOMM.2012.072612.110541}, 
ISSN={0090-6778},}
@MISC{Codebook12,
    author       = "K. B. {Petersen} and M. S. {Pedersen}",
    title        = {{The Matrix Cookbook}},
    year         = "2012",
    month        = nov,
    keywords     = "Matrix identity, matrix relations, inverse, matrix derivative",
    publisher    = "Technical University of Denmark",
    address      = "",
    note         = "Version 20121115",
    url          = "http://www2.imm.dtu.dk/pubdb/p.php?3274",
    abstract     = "Matrix identities, relations and approximations. A desktop reference for quick overview of mathematics of matrices."
}
@misc{ wiki:lp_space,
    author = "Wikipedia",
    title = "Lp space --- {W}ikipedia{,} The Free Encyclopedia",
    year = "2015",
    url = "http://en.wikipedia.org/wiki/Lp_space#Definition",
    note = {[Online] Available: {http://en.wikipedia.org/wiki/Lp_space#Definition}}
}
@misc{ wiki:conj_grad,
    author = "Wikipedia",
    title = "Conjugate gradient method --- {W}ikipedia{,} The Free Encyclopedia",
    year = "2015",
    url = "http://en.wikipedia.org/wiki/Conjugate_gradient_method",
    note = {[Online] Available: \url{http://en.wikipedia.org/wiki/Conjugate_gradient_method}}
}
@misc{ matlab:gloabls,
    author = {{The MathWorks, Inc.}},
    title = {{How GlobalSearch and MultiStart Work - MATLAB \& Simulink - MathWorks Schweiz}},
    year = "2015",
    url = "http://ch.mathworks.com/help/gads/how-globalsearch-and-multistart-work.html#bsfjle9",
    note = {[Online] Available: \url{http://ch.mathworks.com/help/gads/how-globalsearch-and-multistart-work.html#bsfjle9}}
}
@misc{ matlab:simulann,
    author = {{The MathWorks, Inc.}},
    title = {{How Simulated Annealing Works - MATLAB \& Simulink - MathWorks Schweiz}},
    year = "2015",
    url = "http://ch.mathworks.com/help/gads/how-simulated-annealing-works.html",
    note = {[Online] Available: \url{http://ch.mathworks.com/help/gads/how-simulated-annealing-works.html}},
}
@misc{ magnus:twoport,
    author = {{Antenna Magus}},
    title = {{ANTENNA MAGUS - Utilities information | The leading Antenna Design Software tool. | Antenna Design. Simplified}},
    year = "2015",
    url = "http://www.antennamagus.com/database/utilities/tools_page.php?id=24&page=two-port-network-conversion-tool",
    note = {[Online] Available: \url{http://www.antennamagus.com/database/utilities/tools_page.php?id=24&page=two-port-network-conversion-tool}},
}
@article{Ingber95,
    author="Ingber, L.",
    title="Adaptive simulated annealing (ASA): Lessons learned.",
    journal="Polish Journal Control and Cybernetics",
    note="Invited paper to a special issue of the  Polish Journal Control and Cybernetics on 'Simulated Annealing Applied to Combinatorial Optimization.'",
    year=1995,
}
@book{atkinson1989,
  title={An Introduction to Numerical Analysis},
  author={Atkinson, K.E.},
  isbn={9780471500230},
  lccn={88000718},
  year={1989},
  publisher={Wiley}
}
@article{Fletcher64,
author = {Fletcher, R. and Reeves, C. M.}, 
title = {Function minimization by conjugate gradients},
volume = {7}, 
number = {2}, 
pages = {149-154}, 
year = {1964}, 
doi = {10.1093/comjnl/7.2.149}, 
abstract ={A quadratically convergent gradient method for locating an unconstrained local minimum of a function of several variables is described. Particular advantages are its simplicity and its modest demands on storage, space for only three vectors being required. An ALGOL procedure is presented, and the paper includes a discussion of results obtained by its used on various test functions.}, 
URL = {http://comjnl.oxfordjournals.org/content/7/2/149.abstract}, 
eprint = {http://comjnl.oxfordjournals.org/content/7/2/149.full.pdf+html}, 
journal = {The Computer Journal} 
}
@article{Polak69,
	author = {Polak, E. and Ribiere, G.},
	journal = {ESAIM: Mathematical Modelling and Numerical Analysis - Modélisation Mathématique et Analyse Numérique},
	keywords = {numerical analysis},
	language = {fre},
	number = {R1},
	pages = {35-43},
	publisher = {EDP Sciences},
	title = {Note sur la convergence de méthodes de directions conjuguées},
	url = {http://eudml.org/doc/193115},
	volume = {3},
	year = {1969},
}
@ARTICLE{Kirkpatrick83,
	author = {S. Kirkpatrick and C. D. Gelatt and M. P. Vecchi},
	title = {Optimization by simulated annealing},
	journal = {SCIENCE},
	year = {1983},
	volume = {220},
	number = {4598},
	pages = {671--680}
}
@book{Kreyszig,
	author = {Kreyszig, Erwin},
	title = {Advanced Engineering Mathematics},
	year = {2006},
	isbn = {0-471-72897-7},
	edition = {9th},
	publisher = {John Wiley \& Sons, Inc.},
	address = {New York, NY, USA},
} 
@article{rusek13,
	author={Rusek, F. and Persson, D. and Buon Kiong Lau and Larsson, E.G. and Marzetta, T.L. and Edfors, O. and Tufvesson, F.}, 
journal={Signal Processing Magazine, IEEE}, 
title={Scaling Up MIMO: Opportunities and Challenges with Very Large Arrays}, 
year={2013}, 
month={Jan}, 
volume={30}, 
number={1}, 
pages={40-60}, 
keywords={Long Term Evolution;MIMO communication;channel coding;radio links;receiving antennas;telecommunication channels;telecommunication network reliability;transmitting antennas;LTE;Prob;antenna ports;base station;channel coherence intervals;code word spans;degrees of freedom;frequency coherence interval;link outage;link reliability;long-term evolution;multiple-input multiple-output;multiuser systems;point-to-point MIMO link;propagation channel;quasi static channel;receive antennas;receiver;signal-to-noise ratio;transmit antennas;transmitter;wireless broadband standards;MIMO;Signal to noise ratio;Telecommunication network management;Telecommunication network reliability;Time frequency analysis;Wireless networks}, 
doi={10.1109/MSP.2011.2178495}, 
ISSN={1053-5888},}
@book{Orfanidis,
	author = {Sophocles J. Orfanidis},
	title = {{Electromagnetic Waves and Antennas}},
	year = 2014,
	publisher = {Rutgers University},
	address = {ECE Department, Rutgers University, 94 Brett Road, Piscataway, NJ 08854-8058},
	url = {http://www.ece.rutgers.edu/~orfanidi/ewa/},
	note = {[Online]. Available: \url{http://www.ece.rutgers.edu/~orfanidi/ewa/}},
}
@ARTICLE{Bains08,
	author={Robert Bains and Ralf R. M{\"u}ller and Senior Members}, 
	title = {Using parasitic elements for implementing the rotating antenna for MIMO receivers},
    	journal = {IEEE Trans. on Wireless Communications},
    	year = {2008},
    	pages = {4522--4533}
}
@ARTICLE{Lau12, 
	author={Buon Kiong Lau and Andersen, J.B.}, 
	journal={Antennas and Propagation, IEEE Transactions on}, 
	title={Simple and Efficient Decoupling of Compact Arrays With Parasitic Scatterers}, 
	year={2012}, 
	month={Feb}, 
	volume={60}, 
	number={2}, 
	pages={464-472},
	ISSN={0018-926X},
}
@INPROCEEDINGS{Berger05, 
	author={Berger, Stefan and Wittneben, A.}, 
	booktitle={Signals, Systems and Computers, 2005. Conference Record of the Thirty-Ninth Asilomar Conference on}, 
	title={Cooperative Distributed Multiuser MMSE Relaying in Wireless Ad-Hoc Networks}, 
	year={2005}, 
	month={October}, 
	pages={1072-1076}, 
	keywords={Ad hoc networks;Communications technology;Decoding;Diversity methods;Intelligent networks;MIMO;Protocols;Relays;Repeaters;Wireless networks}, 
	doi={10.1109/ACSSC.2005.1599923}, 
	ISSN={1058-6393},
}


